

@misc{FCCCanada,
  author = {Innovation, Science and Economic Development Canada},
  title = {{Licensing Framework for Broadband Radio Service (BRS) — 2500 MHz Band}},
  howpublished = "\url{http://www.ic.gc.ca/eic/site/smt-gst.nsf/eng/sf10730.html#aD}",
  year = {2014}, 
  note = "[Online; accessed 13-09-2016]"
}